<?xml version="1.0" encoding="UTF-8"?><collection xmlns="http://www.loc.gov/MARC21/slim"><record><leader>00671nam--2200193-i-4500</leader><controlfield tag="001">000037454</controlfield><controlfield tag="002">20161230</controlfield><controlfield tag="005">20161230201041</controlfield><controlfield tag="008">060222s1000------------r-----000-0-eng-d</controlfield><datafield ind1=" " ind2=" " tag="040"><subfield code="a">IFIN-HH</subfield></datafield><datafield ind1=" " ind2=" " tag="080"><subfield code="a">536.7</subfield></datafield><datafield ind1="1" ind2=" " tag="100"><subfield code="a">Masi, Joseph F</subfield></datafield><datafield ind1="1" ind2="0" tag="245"><subfield code="a">Progress in international research on thermodynamic and transport properties</subfield><subfield code="b">Papers presented at second symposium on thermophysical properties, january 24-26, 1962, princeton university, new jersey</subfield><subfield code="c">Joseph f. masi; donald h. tsai (eds.)</subfield></datafield><datafield ind1=" " ind2=" " tag="260"><subfield code="a">New York</subfield><subfield code="b">Academic Press</subfield><subfield code="c">1962</subfield></datafield><datafield ind1=" " ind2=" " tag="300"><subfield code="a">762P</subfield></datafield><datafield ind1=" " ind2=" " tag="490"><subfield code="a">Asme</subfield></datafield><datafield ind1=" " ind2=" " tag="700"><subfield code="a">Tsai, Donald H</subfield><subfield code="e">Ed</subfield></datafield><datafield ind1=" " ind2=" " tag="852"><subfield code="a">17873</subfield><subfield code="c">536.7</subfield></datafield><datafield ind1=" " ind2=" " tag="CAT"><subfield code="a">Sys</subfield><subfield code="c">20110516</subfield><subfield code="h">155935</subfield></datafield></record></collection>